<collection xmlns="http://www.loc.gov/MARC21/slim">
<record>
  <leader>01319nam0a2200253 i 450 </leader>
  <controlfield tag="001">IT\ICCU\CNCE\015526</controlfield>
  <controlfield tag="005">20070927000000.0</controlfield>
  <datafield tag="012" ind1=" " ind2=" ">
    <subfield code="a">lene toa- a.er Gu&amp;f (3) 1593 (A)</subfield>
    <subfield code="2">fei</subfield>
  </datafield>
  <datafield tag="100" ind1=" " ind2=" ">
    <subfield code="a">19970101d1593        0itac0103    ba</subfield>
  </datafield>
  <datafield tag="101" ind1=" " ind2=" ">
    <subfield code="a">ITA</subfield>
  </datafield>
  <datafield tag="102" ind1=" " ind2=" ">
    <subfield code="a">IT</subfield>
  </datafield>
  <datafield tag="200" ind1="1" ind2=" ">
    <subfield code="a">Statuti dell&apos;Archiconfraternit ̉del santissimo Sacramento. Nella chiesa de S.ti Celso, &amp; Giuliano in Roma, reformati l&apos;anno 1593</subfield>
  </datafield>
  <datafield tag="210" ind1=" " ind2=" ">
    <subfield code="a">In Roma</subfield>
    <subfield code="c">appresso li stampatori Camerali</subfield>
    <subfield code="d">1593</subfield>
  </datafield>
  <datafield tag="215" ind1=" " ind2=" ">
    <subfield code="a">32 c.</subfield>
    <subfield code="d">4ʻ</subfield>
  </datafield>
  <datafield tag="620" ind1=" " ind2=" ">
    <subfield code="a">IT</subfield>
    <subfield code="d">Roma</subfield>
  </datafield>
  <datafield tag="710" ind1="0" ind2="2">
    <subfield code="a">Arciconfraternita del SS. Sacramento in SS. Celso e Giuliano</subfield>
    <subfield code="c"> &lt;Roma&gt;</subfield>
    <subfield code="3">IT\ICCU\CNCT\004029</subfield>
  </datafield>
  <datafield tag="712" ind1="0" ind2="0">
    <subfield code="a">Blado, Paolo</subfield>
    <subfield code="3">IT\ICCU\CNCT\000288</subfield>
    <subfield code="4">650</subfield>
  </datafield>
  <datafield tag="791" ind1="0" ind2="2">
    <subfield code="a">Archiconfraternita del SS. Sacramento in SS. Celso e Giuliano</subfield>
    <subfield code="c"> &lt;Roma&gt;</subfield>
    <subfield code="3">4030</subfield>
    <subfield code="z">Arciconfraternita del SS. Sacramento in SS. Celso e Giuliano &lt;Roma&gt;</subfield>
  </datafield>
  <datafield tag="791" ind1="0" ind2="2">
    <subfield code="a">Arciconfraternita del SS. Sacramento e Nome di Dio in SS. Celso e Giuliano</subfield>
    <subfield code="c"> &lt;Roma&gt;</subfield>
    <subfield code="3">8388</subfield>
    <subfield code="z">Arciconfraternita del SS. Sacramento in SS. Celso e Giuliano &lt;Roma&gt;</subfield>
  </datafield>
  <datafield tag="791" ind1="0" ind2="0">
    <subfield code="a">Bladus, Paulus</subfield>
    <subfield code="3">IT\ICCU\CNCT\004408</subfield>
    <subfield code="z">Blado, Paolo</subfield>
  </datafield>
  <datafield tag="801" ind1=" " ind2="3">
    <subfield code="a">IT</subfield>
    <subfield code="b">ICCU</subfield>
    <subfield code="c">20201114</subfield>
  </datafield>
  <datafield tag="899" ind1=" " ind2=" ">
    <subfield code="a">Biblioteca nazionale centrale. Roma</subfield>
    <subfield code="1">RM0267</subfield>
    <subfield code="2">BVE CR</subfield>
  </datafield>
  <datafield tag="899" ind1=" " ind2=" ">
    <subfield code="a">Biblioteca Casanatense. Roma</subfield>
    <subfield code="1">RM0313</subfield>
    <subfield code="2">RML 07</subfield>
  </datafield>
  <datafield tag="899" ind1=" " ind2=" ">
    <subfield code="a">Biblioteca dell&apos;Accademia nazionale dei Lincei e Corsiniana. Roma</subfield>
    <subfield code="1">RM0418</subfield>
    <subfield code="2">RML 10</subfield>
  </datafield>
</record>
</collection>
